
@article{Aimoli_2014,
	title = {Force field comparison and thermodynamic property calculation of supercritical {CO}2 and {CH}4 using molecular dynamics simulations},
	volume = {368},
	doi = {10.1016/j.fluid.2014.02.001},
	journal = {Fluid Phase Equilibria},
	author = {Aimoli, Cassiano G. and Maginn, Edward J. and Abreu, Charlles R. A.},
	month = apr,
	year = {2014},
	pages = {80--90}
}
@article{Fennell_2006,
	title = {Is the {Ewald} summation still necessary? {Pairwise} alternatives to the accepted standard for long-range electrostatics},
	volume = {124},
	number = {23},
	journal = {The Journal of Chemical Physics},
	author = {Fennell, C J and Gezelter, J D},
	year = {2006},
	pages = {234104--234116}
}

@article{Dullweber_1997,
	title = {Symplectic splitting methods for rigid body molecular dynamics},
	volume = {107},
	doi = {10.1063/1.474310},
	number = {15},
	journal = {The Journal of Chemical Physics},
	author = {Dullweber, Andreas and Leimkuhler, Benedict and McLachlan, Robert},
	month = oct,
	year = {1997},
	pages = {5840--5851}
}

@article{Miller_2002,
	title = {Symplectic quaternion scheme for biophysical molecular dynamics},
	volume = {116},
	doi = {http://dx.doi.org/10.1063/1.1473654},
	number = {20},
	journal = {The Journal of Chemical Physics},
	author = {Miller, T F and Eleftheriou, M and Pattnaik, P and Ndirango, A and Newns, D and J, Martyna G.},
	year = {2002},
	pages = {8649--8659}
}

@article{Silveira_2017,
	title = {Molecular dynamics with rigid bodies: {Alternative} formulation and assessment of its limitations when employed to simulate liquid water},
	volume = {147},
	doi = {10.1063/1.5003636},
	number = {12},
	journal = {The Journal of Chemical Physics},
	author = {Silveira, Ana J. and Abreu, Charlles R. A.},
	month = sep,
	year = {2017},
	pages = {124104}
}

@article{Kamberaj_2005,
	doi = {10.1063/1.1906216},
	year = 2005,
	month = {jun},
	publisher = {{AIP} Publishing},
	volume = {122},
	number = {22},
	pages = {224114},
	author = {H. Kamberaj and R. J. Low and M. P. Neal},
	title = {Time reversible and symplectic integrators for molecular dynamics simulations of rigid molecules},
	journal = {The Journal of Chemical Physics}
}

@article{Ryckaert_1977,
	title = {Numerical integration of the cartesian equations of motion of a system with constraints: molecular dynamics of n-alkanes},
	volume = {23},
	doi = {10.1016/0021-9991(77)90098-5},
	number = {3},
	journal = {Journal of Computational Physics},
	author = {Ryckaert, Jean-Paul and Ciccotti, Giovanni and Berendsen, Herman J. C.},
	month = mar,
	year = {1977},
	pages = {327--341}
}

@article{Martyna_1992,
	title = {Nos{\'e}{\textendash}{Hoover} chains: {The} canonical ensemble via continuous dynamics},
	volume = {97},
	doi = {10.1063/1.463940},
	number = {4},
	journal = {The Journal of Chemical Physics},
	author = {Martyna, Glenn J. and Klein, Michael L. and Tuckerman, Mark},
	month = aug,
	year = {1992},
	pages = {2635--2643}
}

@article{Davidchack_2012,
	title = {Ice {I}\_h-{Water} {Interfacial} {Free} {Energy} of {SImple} {Water} {Models} with {Full} {Electrostatic} {Interactions}},
	volume = {8},
	number = {7},
	journal = {Journal of Chemical Theory and Computation},
	author = {Davidchack, R L and Handel, R and Anwar, J and Brukhno, A V},
	year = {2012},
	pages = {2383--2390}
}

@article{Celledoni_2010,
	title = {Algorithm 903},
	volume = {37},
	doi = {10.1145/1731022.1731033},
	number = {2},
	journal = {ACM Transactions on Mathematical Software},
	author = {Celledoni, Elena and Zanna, Antonella},
	month = apr,
	year = {2010},
	pages = {1--24}
}

@article{Van_zon_2007,
	title = {Numerical implementation of the exact dynamics of free rigid bodies},
	volume = {225},
	doi = {10.1016/j.jcp.2006.11.019},
	number = {1},
	journal = {Journal of Computational Physics},
	author = {van Zon, Ramses and Schofield, Jeremy},
	month = jul,
	year = {2007},
	pages = {145--164}
}

@article{Kosenko_1998,
	title = {Integration of the equations of a rotational motion of a rigid body in quaternion algebra. {The} {Euler} case},
	volume = {62},
	doi = {10.1016/s0021-8928(98)00025-2},
	number = {2},
	journal = {Journal of Applied Mathematics and Mechanics},
	author = {Kosenko, I. I.},
	month = jan,
	year = {1998},
	pages = {193--200}
}

@book{Hairer_2006,
	doi = {10.1007/3-540-30666-8},
	address = {Heidelberg, Germany},
	edition = {2},
	series = {Springer {Series} in {Computational} {Mathematics}},
	title = {Geometric {Numerical} {Integration}: {Structure}-{Preserving} {Algorithms} for {Ordinary} {Differential} {Equations}},
	isbn = {978-3-540-30666-5},
	publisher = {Springer},
	author = {Hairer, E. and Lubich, C. and Wanner, G.},
	year = {2006},
	lccn = {2010922987}
}

@article{Bennett_1975,
	title = {Mass tensor molecular dynamics},
	volume = {19},
	issn = {0021-9991},
	doi = {http://dx.doi.org/10.1016/0021-9991(75)90077-7},
	number = {3},
	journal = {Journal of Computational Physics},
	author = {Bennett, Charles H.},
	year = {1975},
	pages = {267 -- 279}
}

@article{Eisinberg_1998,
	title = {Vandermonde matrices on integer nodes},
	volume = {80},
	issn = {0029-599X},
	doi = {10.1007/s002110050360},
	language = {English},
	number = {1},
	journal = {Numerische Mathematik},
	author = {Eisinberg, Alfredo and Franz{\'e}, Giuseppe and Pugliese, Paolo},
	year = {1998},
	keywords = {11Z05, 65F35, Mathematics Subject Classification (1991): 65F99},
	pages = {75--85}
}

@article{Ashrafi_2004,
	title = {An involutory {Pascal} matrix},
	volume = {387},
	issn = {0024-3795},
	doi = {http://dx.doi.org/10.1016/j.laa.2004.02.027},
	journal = {Linear Algebra and its Applications},
	author = {Ashrafi, Ashkan and Gibson, Peter M.},
	year = {2004},
	keywords = {Pascal matrices},
	pages = {277 -- 286}
}

@book{Knuth_1997,
	address = {Redwood City, CA, USA},
	title = {The {Art} of {Computer} {Programming}, {Volume} 1 (3rd {Ed}.): {Fundamental} {Algorithms}},
	isbn = {0-201-89683-4},
	publisher = {Addison Wesley Longman Publishing Co., Inc.},
	author = {Knuth, Donald E.},
	year = {1997}
}

@article{Abad_1989,
	title = {On the attitude of a spacecraft near a {Lagrangian} point},
	volume = {40},
	journal = {Bulletin of the Astronomical Institutes of Czechoslovakia},
	author = {Abad, A and Arribas, M and Elipe, A},
	month = sep,
	year = {1989},
	keywords = {Attitude (Inclination), Attitude Control, Canonical Forms, Equations Of Motion, Hamiltonian Functions, Lagrangian Equilibrium Points, Quaternions, Rotating Bodies, Three Body Problem},
	pages = {302--307}
}

@article{Aimoli_2014_2,
	title = {Transport properties of carbon dioxide and methane from molecular dynamics simulations},
	volume = {141},
	doi = {10.1063/1.4896538},
	number = {13},
	journal = {The Journal of Chemical Physics},
	author = {Aimoli, C. G. and Maginn, E. J. and Abreu, C. R. A.},
	month = oct,
	year = {2014},
	pages = {134101}
}

@article{Akimov_2008,
	title = {Molecular {Dynamics} of {Surface}-{Moving} {Thermally} {Driven} {Nanocars}},
	volume = {4},
	number = {4},
	journal = {Journal of Chemical Theory and Computation},
	author = {Akimov, A V and Nemukhin, A V and Moskovsky, A A and Kolomeisky, A B and Tour, J M},
	year = {2008},
	pages = {652--656}
}

@article{Akimov_2012,
	title = {Charge {Transfer} and {Chemisorption} of {Fullerene} {Molecules} on {Metal} {Surfaces}: {Application} to {Dynamics} of {Nanocars}},
	volume = {116},
	doi = {10.1021/jp303549u},
	number = {25},
	journal = {The Journal of Physical Chemistry C},
	author = {Akimov, Alexey V. and Williams, Caitlin and Kolomeisky, Anatoly B.},
	month = jun,
	year = {2012},
	pages = {13816--13826}
}

@book{Allen_1989,
	edition = {Reprint},
	series = {Oxford science publications},
	title = {Computer {Simulation} of {Liquids} ({Oxford} {Science} {Publications})},
	isbn = {0-19-855645-4},
	publisher = {Oxford University Press},
	author = {Allen, M. P. and Tildesley, D. J.},
	month = jun,
	year = {1989},
	note = {Published: Paperback},
	keywords = {computer\_simulation\_of\_liquids, dynamics, liquids, molecular, simulations}
}

@article{Andersen_1983,
	title = {Rattle: {A} "{Velocity}" {Version} of the {Shake} {Algorithm} for {Molecular} {Dynamics} {Calculations}},
	volume = {52},
	journal = {Journal of Computational Physics},
	author = {Andersen, H.C.},
	year = {1983},
	pages = {24--34}
}

@article{Arnold_1994,
	title = {An evaluation of implicit and explicit solvent model systems for the molecular dynamics simulation of bacteriophage {T}4 lysozyme},
	volume = {18},
	doi = {10.1002/prot.340180105},
	number = {1},
	journal = {Proteins: Structure, Function, and Genetics},
	author = {Arnold, Gregory E. and Ornstein, Rick L.},
	month = jan,
	year = {1994},
	pages = {19--33}
}
@article{Bond_2007,
	doi = {10.1017/s0962492906280012},
	year = 2007,
	month = {apr},
	publisher = {Cambridge University Press ({CUP})},
	volume = {16},
	pages = {1},
	author = {Stephen D. Bond and Benedict J. Leimkuhler},
	title = {Molecular dynamics and the accuracy of numerically computed averages},
	journal = {Acta Numerica}
}
@article{Bussi_2007,
	doi = {10.1063/1.2408420},
	year = 2007,
	month = {jan},
	publisher = {{AIP} Publishing},
	volume = {126},
	number = {1},
	pages = {014101},
	author = {Giovanni Bussi and Davide Donadio and Michele Parrinello},
	title = {Canonical sampling through velocity rescaling},
	journal = {The Journal of Chemical Physics}
}

@book{Byrd_1971,
	series = {Grundlehren der mathematischen {Wissenschaften}},
	title = {Handbook of elliptic integrals for engineers and scientists},
	isbn = {978-3-540-05318-7},
	publisher = {Springer-Verlag},
	author = {Byrd, P.F. and Friedman, M.D.},
	year = {1971},
	lccn = {72146515}
}

@article{Carlson_1977,
	title = {Elliptic {Integrals} of the {First} {Kind}},
	volume = {8},
	doi = {10.1137/0508016},
	number = {2},
	journal = {SIAM Journal on Mathematical Analysis},
	author = {Carlson, B. C.},
	year = {1977},
	pages = {231--242}
}

@article{Celledoni_2008,
	title = {The {Exact} {Computation} of the {Free} {Rigid} {Body} {Motion} and {Its} {Use} in {Splitting} {Methods}},
	volume = {30},
	doi = {10.1137/070704393},
	number = {4},
	journal = {SIAM J. Sci. Comput.},
	author = {Celledoni, E. and Fass{\`o}, F. and S{\"a}fstr{\"o}m, N. and Zanna, A.},
	month = jan,
	year = {2008},
	pages = {2084--2112}
}

@article{Cid_1987,
	title = {Motion of rigid bodies in a set of redundant variables},
	volume = {42},
	issn = {0008-8714},
	doi = {10.1007/BF01232962},
	language = {English},
	number = {1-4},
	journal = {Celestial mechanics},
	author = {Cid, Rafael and San Saturio, Mar{\'i}a-Eugenia},
	year = {1987},
	pages = {263--277}
}

@article{Davidchack_2009,
	title = {Langevin thermostat for rigid body dynamics},
	volume = {130},
	journal = {The journal of chemical physics},
	author = {Davidchack, R. L. and Handel, R. and Tretyakov, M. V.},
	year = {2009},
	pages = {234101}
}

@article{Davidchack_2015,
	title = {New {Langevin} and gradient thermostats for rigid body dynamics},
	volume = {142},
	journal = {The Journal of chemical physics},
	author = {Davidchack, R. L. and Ouldridge, T. E. and Tretyakov, M. V},
	year = {2015},
	pages = {144114}
}

@book{Dichmann_1999,
	title = {Notes on the mechanics of rigid body rotations, quarternions and some associated mathematics},
	publisher = {Unpublished},
	author = {Dichmann, Donald J.},
	year = {1999}
}

@article{Dichmann_1996,
	title = {An impetus-striction simulation of the dynamics of an elastica},
	volume = {6},
	issn = {0938-8974},
	doi = {10.1007/BF02439312},
	number = {3},
	journal = {Journal of Nonlinear Science},
	author = {Dichmann, D. J. and Maddocks, J. H.},
	year = {1996},
	pages = {271--292}
}

@article{Duane_1987,
	title = {Hybrid {Monte} {Carlo}},
	volume = {195},
	journal = {Physics Letters B},
	author = {Duane, S.},
	year = {1987},
	pages = {216--222}
}

@article{Eastwood_2010,
	title = {Equipartition and the {Calculation} of {Temperature} in {Biomolecular} {Simulations}},
	volume = {6},
	doi = {10.1021/ct9002916},
	number = {7},
	journal = {J. Chem. Theory Comput.},
	author = {Eastwood, Michael P. and Stafford, Kate A. and Lippert, Ross A. and Jensen, Morten {\O} and Maragakis, Paul and Predescu, Cristian and Dror, Ron O. and Shaw, David E.},
	month = jul,
	year = {2010},
	pages = {2045--2058}
}
@article{Engle_2005,
	doi = {10.1016/j.jcp.2004.12.009},
	year = 2005,
	month = {jul},
	publisher = {Elsevier {BV}},
	volume = {206},
	number = {2},
	pages = {432--452},
	author = {Robert D. Engle and Robert D. Skeel and Matthew Drees},
	title = {Monitoring energy drift with shadow Hamiltonians},
	journal = {Journal of Computational Physics}
}

@article{Ezra_2006,
	doi = {10.1063/1.2215608},
	year = 2006,
	month = {jul},
	publisher = {{AIP} Publishing},
	volume = {125},
	number = {3},
	pages = {034104},
	author = {Gregory S. Ezra},
	title = {Reversible measure-preserving integrators for non-Hamiltonian systems},
	journal = {The Journal of Chemical Physics}
}

@article{Ezra_2004,
	title = {On the {Statistical} {Mechanics} of {Non}-{Hamiltonian} {Systems}: {The} {Generalized} {Liouville} {Equation}, {Entropy}, and {Time}-{Dependent} {Metrics}},
	volume = {35},
	issn = {0259-9791},
	doi = {10.1023/B:JOMC.0000007811.79716.4d},
	language = {English},
	number = {1},
	journal = {Journal of Mathematical Chemistry},
	author = {Ezra, Gregory S.},
	year = {2004},
	keywords = {applied differential forms, ergodic theory, non-Hamiltonian dynamics},
	pages = {29--53}
}

@article{Feller_1995,
	title = {Constant pressure molecular dynamics simulation: {The} {Langevin} piston method},
	volume = {103},
	doi = {10.1063/1.470648},
	number = {11},
	journal = {The Journal of Chemical Physics},
	author = {Feller, Scott E. and Zhang, Yuhong and Pastor, Richard W. and Brooks, Bernard R.},
	year = {1995},
	pages = {4613}
}

@article{Ferrandiz_1994,
	title = {Extended canonical transformations with redundant variables: {Hamiltonian} and {Lagrangean} formulations and degeneration},
	volume = {45},
	issn = {0044-2275},
	doi = {10.1007/BF00945931},
	language = {English},
	number = {3},
	journal = {Zeitschrift f{\"u}r angewandte Mathematik und Physik ZAMP},
	author = {Ferr{\'a}ndiz, Jos{\'e}-Manuel and Sansaturio, Mar{\'i}a-Eugenia},
	year = {1994},
	pages = {458--477}
}

@article{Frenkel_2013,
	title = {Simulations: {The} dark side},
	volume = {128},
	doi = {10.1140/epjp/i2013-13010-8},
	number = {1},
	journal = {Eur. Phys. J. Plus},
	author = {Frenkel, D.},
	month = jan,
	year = {2013}
}

@book{Galassi_2009,
	title = {{GNU} {Scientific} {Library} - {Reference} {Manual}, {Third} {Edition}, for {GSL} {Version} 1.12 (3. ed.).},
	isbn = {978-0-9546120-7-8},
	publisher = {Network Theory Ltd},
	author = {Galassi, Mark and Davies, Jim and Theiler, James and Gough, Brian and Jungman, Gerard},
	year = {2009},
	keywords = {dblp}
}

@article{Geiger_2013,
	title = {Neural networks for local structure detection in polymorphic systems},
	volume = {139},
	doi = {10.1063/1.4825111},
	number = {16},
	journal = {The Journal of Chemical Physics},
	author = {Geiger, Philipp and Dellago, Christoph},
	month = oct,
	year = {2013},
	pages = {164105}
}

@article{Geiger_2014,
	title = {Proton {Ordering} of {Cubic} {Ice} {Ic}: {Spectroscopy} and {Computer} {Simulations}},
	volume = {118},
	journal = {The Journal of Physical Chemistry C},
	author = {Geiger, P and Dellago, C and Macher, M and Franchini, C and Kresse, G and Bernard, J and Stern, J N and Loerting, T},
	year = {2014},
	pages = {10989--10997}
}

@article{Ghoufi_2010,
	title = {Hybrid {Monte} {Carlo} {Simulations} {Combined} with a {Phase} {Mixture} {Model} to {Predict} the {Structural} {Transitions} of a {Porous} {Metal}-{Organic} {Framework} {Material} upon {Adsorption} of {Guest} {Molecules}},
	volume = {114},
	number = {14},
	journal = {The Journal of Physical Chemistry C},
	author = {Ghoufi, A and Maurin, G},
	year = {2010},
	pages = {6496--6502}
}

@book{Goldstein_2002,
	title = {Classical {Mechanics}},
	isbn = {978-0-201-65702-9},
	publisher = {Addison Wesley, San Francisco},
	author = {Goldstein, H. and Poole, C.P. and Safko, J.L.},
	year = {2002},
	lccn = {79023456}
}

@article{Gonzalez_2014,
	title = {Detecting vapour bubbles in simulations of metastable water},
	volume = {141},
	journal = {The Journal of Chemical Physics},
	author = {Gonz{\'a}lez, M A and Menzl, G and Aragones, J L and Geiger, P and Caupin, F and Abascal, J L F and Dellago, C and Valeriani, C},
	year = {2014},
	pages = {18C511}
}

@article{Gorman_2012,
	title = {Dynamical cage behaviour and hydrogen migration in hydrogen and hydrogen-tetrahydrofuran clathrate hydrates},
	volume = {136},
	number = {4},
	journal = {the Journal of Chemical Physics},
	author = {Gorman, P D and English, N J and MacElroy, D J M},
	year = {2012},
	pages = {0044506}
}

@book{Gradshteyn_2014,
	title = {Table of {Integrals}, {Series}, and {Products}},
	isbn = {978-1-4832-6564-3},
	publisher = {Elsevier Science},
	author = {Gradshteyn, I.S. and Ryzhik, I.M.},
	editor = {Zwillinger, Daniel and Moll, Victor},
	year = {2014}
}

@article{Guenot_1992,
	title = {Molecular dynamics studies of a {DNA}-binding protein: 2. {An} evaluation of implicit and explicit solvent models for the molecular dynamics simulation of {theEscherichia} coli trprepressor},
	volume = {1},
	doi = {10.1002/pro.5560010912},
	number = {9},
	journal = {Protein Sci.},
	author = {Guenot, Jeanmarie and Kollman, Peter A.},
	month = sep,
	year = {1992},
	pages = {1185--1205}
}

@article{Handel_2008,
	title = {Direct {Calculation} of {Solid}-{Liquid} {Interfacial} {Free} {Energy} for {Molecular} {Systems}: {TIP}4P {Ice}-{Water} {Interface}},
	volume = {100},
	number = {3},
	journal = {Physical Review Letters},
	author = {Handel, R and Davidchack, R L and Anwar, J and Brukhno, A},
	year = {2008},
	pages = {036104}
}

@article{Harvey_1998,
	title = {The flying ice cube: {Velocity} rescaling in molecular dynamics leads to violation of energy equipartition},
	volume = {19},
	issn = {1096-987X},
	doi = {10.1002/(SICI)1096-987X(199805)19:7<726::AID-JCC4>3.0.CO;2-S},
	number = {7},
	journal = {Journal of Computational Chemistry},
	author = {Harvey, Stephen C. and Tan, Robert K.-Z. and Cheatham, Thomas E.},
	year = {1998},
	keywords = {constant temperature simulations, energy equipartition, macromolecular simulations, molecular dynamics},
	pages = {726--740}
}

@book{Haug_1989,
	address = {Needham Heights, MA, USA},
	title = {Computer {Aided} {Kinematics} and {Dynamics} of {Mechanical} {Systems}. {Vol}. 1: {Basic} {Methods}},
	isbn = {0-205-11669-8},
	publisher = {Allyn \& Bacon, Inc.},
	author = {Haug, E J},
	year = {1989}
}

@article{Ikeguchi_2004,
	title = {Partial {Rigid}-{Body} {Dynamics} in {NPT}, {NPAT} and {NP$\gamma$T} {Ensembles} for {Proteins} and {Membranes}},
	volume = {25},
	number = {4},
	journal = {Journal of Computational Chemistry},
	author = {Ikeguchi, M},
	year = {2004},
	pages = {529--541}
}

@article{Kneller_1994,
	title = {Generalized {Euler} equations for linked rigid bodies},
	volume = {50},
	number = {2},
	journal = {Physical Review E},
	author = {Kneller, G. R. and Hinse, n K.},
	year = {1994},
	pages = {1559}
}

@article{Knorowski_2012,
	doi = {10.1039/c2sm26832a},
	year = 2012,
	publisher = {Royal Society of Chemistry ({RSC})},
	volume = {8},
	number = {48},
	pages = {12053},
	author = {Christopher Knorowski and Alex Travesset},
	title = {Dynamics of {DNA}-programmable nanoparticle crystallization: gelation, nucleation and topological defects},
	journal = {Soft Matter}
}

@article{Konyukhov_2010,
	title = {Rigid-{Body} {Molecular} {Dynamics} of {Fullerene}-{Based} {Nanocars} on {Metallic} {Surfaces}},
	volume = {6},
	number = {9},
	journal = {Journal of Chemical Theory and Computation},
	author = {Konyukhov, S S and Kupchenko, I V and Moskovsky, A A and Nemukhin, A V and Akimov, A V and Kolomeisky, A B},
	year = {2010},
	pages = {2581--2590}
}

@article{Kopp_2008,
	title = {Efficient {Numerical} {Diagonalization} of {Hermitian} 3 {\texttimes} 3 {Matrices}},
	volume = {19},
	doi = {10.1142/S0129183108012303},
	number = {03},
	journal = {International Journal of Modern Physics C},
	author = {Kopp, J.},
	year = {2008},
	pages = {523--548}
}

@article{Kuzkin_2014,
	title = {On angular momentum balance for particle systems with periodic boundary conditions},
	volume = {95},
	doi = {10.1002/zamm.201400045},
	number = {11},
	journal = {ZAMM - Journal of Applied Mathematics and Mechanics / Zeitschrift f{\"u}r Angewandte Mathematik und Mechanik},
	author = {Kuzkin, V. A.},
	month = sep,
	year = {2014},
	pages = {1290--1295}
}

@book{Landau_1976,
	edition = {3},
	title = {Course of theoretical physics: {Mechanics}},
	volume = {1},
	isbn = {750628960},
	publisher = {Pergamon},
	author = {Landau, Lev Davidovich and Lifshitz, Evgenii Mikhailovich},
	year = {1976}
}

@article{Levitt_1988,
	title = {Accurate simulation of protein dynamics in solution.},
	volume = {85},
	doi = {10.1073/pnas.85.20.7557},
	number = {20},
	journal = {Proceedings of the National Academy of Sciences},
	author = {Levitt, M. and Sharon, R.},
	month = oct,
	year = {1988},
	pages = {7557--7561}
}

@article{Louwerse_2006,
	title = {Calculation of pressure in case of periodic boundary conditions},
	volume = {421},
	doi = {10.1016/j.cplett.2006.01.087},
	number = {1-3},
	journal = {Chemical Physics Letters},
	author = {Louwerse, Manuel J. and Baerends, Evert Jan},
	year = {2006},
	pages = {138--141}
}

@article{Maciejewski_1985,
	title = {Hamiltonian formalism for {Euler} parameters},
	volume = {37},
	issn = {0008-8714},
	doi = {10.1007/BF01230340},
	language = {English},
	number = {1},
	journal = {Celestial mechanics},
	author = {Maciejewski, Andrzej J},
	year = {1985},
	pages = {47--57}
}

@article{Martyna_1994,
	title = {Remarks on {\textquotedblleft}{Constant}-temperature molecular dynamics with momentum conservation{\textquotedblright}},
	volume = {50},
	doi = {10.1103/PhysRevE.50.3234},
	number = {4},
	journal = {Phys. Rev. E},
	author = {Martyna, Glenn J.},
	month = oct,
	year = {1994},
	pages = {3234--3236}
}

@article{Martyna_1996,
	doi = {10.1080/00268979600100761},
	year = 1996,
	month = {apr},
	publisher = {Informa {UK} Limited},
	volume = {87},
	number = {5},
	pages = {1117--1157},
	author = {Glenn J. Martyna and Mark E. Tuckerman and Douglas J. Tobias and Michael L. Klein},
	title = {Explicit reversible integrators for extended systems dynamics},
	journal = {Molecular Physics}
}

@article{Mor_2008,
	title = {Simulations of proteins with inhomogeneous degrees of freedom: {The} effect of thermostats},
	volume = {29},
	doi = {10.1002/jcc.20951},
	number = {12},
	journal = {J. Comput. Chem.},
	author = {Mor, Amit and Ziv, Guy and Levy, Yaakov},
	month = mar,
	year = {2008},
	pages = {1992--1998}
}

@article{Nielsen_2012,
	title = {Conservative integration of rigid body motion by quaternion parameters with implicit constraints},
	volume = {92},
	issn = {1097-0207},
	doi = {10.1002/nme.4363},
	number = {8},
	journal = {International Journal for Numerical Methods in Engineering},
	author = {Nielsen, M.B. and Krenk, S.},
	year = {2012},
	keywords = {conservative integration, energy conservation, quaternion parameters, rigid body dynamics, time integration},
	pages = {734--752}
}

@article{Okumura_2007,
	title = {Explicit {Symplectic} integrators of molecular dynamics algorithms for rigid-body molecules in the canonical, isobaric-isothermal, and related ensembles},
	volume = {126},
	journal = {The Journal of Chemical Physics},
	author = {Okumura, H. and Itoh, S. G. and Okamoto, Y.},
	year = {2007},
	pages = {084103}
}

@article{Omelyan_2008,
	doi = {10.1103/physreve.78.026702},
	year = 2008,
	month = {aug},
	publisher = {American Physical Society ({APS})},
	volume = {78},
	number = {2},
	author = {Igor P. Omelyan},
	title = {Processed splitting algorithms for rigid-body molecular dynamics simulations},
	journal = {Physical Review E}
}

@article{Omelyan_2007,
	doi = {10.1063/1.2753474},
	year = 2007,
	month = {jul},
	publisher = {{AIP} Publishing},
	volume = {127},
	number = {4},
	pages = {044102},
	author = {Igor P. Omelyan},
	title = {Advanced gradientlike methods for rigid-body molecular dynamics},
	journal = {The Journal of Chemical Physics}
}

@article{Omelyan_2011,
	title = {Multiple time scale molecular dynamics for fluids with orientational degrees of freedom. {II}. {Canonical} and isokinetic ensembles},
	volume = {135},
	doi = {10.1063/1.3669385},
	number = {23},
	journal = {The Journal of Chemical Physics},
	author = {Omelyan, Igor P. and Kovalenko, Andriy},
	month = dec,
	year = {2011},
	pages = {234107}
}

@article{Palmer_2014,
	title = {Metastable {Liquid}-{Liquid} {Transition} in a {Molecular} {Model} of {Water}},
	volume = {510},
	journal = {Nature},
	author = {Palmer, J C and Martelli, F and Liu, Y and Car, R and Panagiotopoulos, A Z and Debenedetti, P G},
	year = {2014},
	pages = {385--388}
}
@article{Plimpton_1995,
	title = {Fast {Parallel} {Algorithms} for {Short}-{Range} {Molecular} {Dynamics}},
	volume = {117},
	doi = {10.1006/jcph.1995.1039},
	number = {1},
	journal = {Journal of Computational Physics},
	author = {Plimpton, Steve},
	month = mar,
	year = {1995},
	pages = {1--19}
}

@article{Patra_2013,
	doi = {10.1063/1.4799265},
	year = 2013,
	month = {apr},
	publisher = {{AIP} Publishing},
	volume = {138},
	number = {14},
	pages = {144901},
	author = {Tarak K. Patra and Jayant K. Singh},
	title = {Coarse-grain molecular dynamics simulations of nanoparticle-polymer melt: Dispersion vs. agglomeration},
	journal = {The Journal of Chemical Physics}
}

@article{Price_2004,
	title = {A modified {TIP}3P water potential for simulation with {Ewald} summation},
	volume = {121},
	number = {20},
	journal = {The Journal of Chemical Physics},
	author = {Price, D J and Brooks, C L},
	year = {2004},
	pages = {10096--10103}
}

@article{Ray_1999,
	title = {Correct microcanonical ensemble in molecular dynamics},
	volume = {59},
	doi = {10.1103/PhysRevE.59.4781},
	number = {5},
	journal = {Physical Review E},
	author = {Ray, John R. and Zhang, Hongwei},
	month = may,
	year = {1999},
	pages = {4781--4785}
}

@article{Reinhardt_2012,
	title = {Local order parameters for use in driving homogeneous ice nucleation with all-atom models of water},
	volume = {137},
	journal = {The journal of chemical physics},
	author = {Reinhardt, A. and Doye, J. P. K. and Noya, E. G.and Vega, C.},
	year = {2012},
	pages = {194504}
}

@article{Sagui_1999,
	title = {{MOLECULAR} {DYNAMICS} {SIMULATIONS} {OF} {BIOMOLECULES}: {Long}-{Range} {Electrostatic} {Effects}},
	volume = {28},
	doi = {10.1146/annurev.biophys.28.1.155},
	number = {1},
	journal = {Annual Review of Biophysics and Biomolecular Structure},
	author = {Sagui, Celeste and Darden, Thomas A.},
	month = jun,
	year = {1999},
	pages = {155--179}
}

@article{Sakamaki_2011,
	title = {Molecular {Dynamics} {Simulation} of vapor/liquid {Coexistence} using the {Nonpolarizable} {Water} {Models}},
	volume = {134},
	journal = {The Journal of Chemical Physics},
	author = {Sakamaki, R and Sum, A K and Narumi, T and Yasuoka, K},
	year = {2011},
	pages = {124708}
}

@article{Schay_1998,
	title = {A {New} {Formulation} of the {Equations} of {Dynamics}},
	volume = {11},
	number = {3},
	journal = {Foundations of Physics Letters},
	author = {Schay, G.},
	year = {1998},
	pages = {295}
}

@article{Schay_1995,
	doi = {10.1016/0895-7177(95)00082-d},
	year = 1995,
	month = {jun},
	publisher = {Elsevier {BV}},
	volume = {21},
	number = {11},
	pages = {83--88},
	author = {G. Schay},
	title = {Constrained differentiation},
	journal = {Mathematical and Computer Modelling}
}

@book{Schwichtenberg_2015,
	series = {Undergraduate {Lecture} {Notes} in {Physics}},
	title = {Physics from {Symmetry}},
	isbn = {978-3-319-19200-0},
	publisher = {Springer International Publishing},
	author = {Schwichtenberg, J.},
	year = {2015}
}

@article{Sergi_2004,
	title = {Generalized bracket formulation of constrained dynamics in phase space},
	volume = {69},
	number = {2},
	journal = {Physical Review E},
	author = {Sergi, Alessandro},
	year = {2004},
	pages = {021109}
}

@article{Sergi_2003,
	title = {Non-{Hamiltonian} equilibrium statistical mechanics},
	volume = {67},
	doi = {10.1103/PhysRevE.67.021101},
	number = {2},
	journal = {Phys. Rev. E},
	author = {Sergi, Alessandro},
	month = feb,
	year = {2003},
	pages = {021101}
}

@article{Sergi_2010,
	title = {Bulgac-{Kusnezov}-{Nos{\'e}}-{Hoover} thermostats},
	volume = {81},
	number = {3},
	journal = {Physical Review E},
	author = {Sergi, Alessandro and Ezra, Gregory S},
	year = {2010},
	pages = {036705}
}

@article{Sergi_2010_2,
	title = {Algorithms for non-{Hamiltonian} dynamics},
	volume = {88},
	number = {2},
	journal = {AAPP{\textbar} Physical, Mathematical, and Natural Sciences},
	author = {Sergi, Alessandro and Ezra, Gregory S},
	year = {2010}
}

@article{Sergi_2001,
	title = {Non-{Hamiltonian} equations of motion with a conserved energy},
	volume = {64},
	doi = {10.1103/PhysRevE.64.056125},
	number = {5},
	journal = {Phys. Rev. E},
	author = {Sergi, Alessandro and Ferrario, Mauro},
	month = oct,
	year = {2001},
	pages = {056125}
}

@article{Sergi_2007,
	title = {On the geometry and entropy of non-{Hamiltonian} phase space},
	volume = {2007},
	number = {02},
	journal = {Journal of Statistical Mechanics: Theory and Experiment},
	author = {Sergi, Alessandro and Giaquinta, Paolo V},
	year = {2007},
	pages = {P02013}
}

@article{Shepperd_1978,
	title = {Quaternion from rotation matrix},
	volume = {1},
	abstract = {A quaternion is regarded as a four-parameter representation of a coordinate transformation matrix, where the four components of the quaternion are treated on an equal basis. This leads to a unified, compact, and singularity-free approach to determining the quaternion when the matrix is given.},
	journal = {Journal of Guidance and Control},
	author = {Shepperd, S W},
	month = jun,
	year = {1978},
	pages = {223--224}
}

@article{Shirts_2013,
	title = {Simple {Quantitative} {Test} to {Validate} {Sampling} from {Thermodynamic} {Ensembles}},
	volume = {9},
	number = {2},
	journal = {Journal of Chemical Theory and Computation},
	author = {Shirts, M},
	year = {2013},
	pages = {909--926}
}

@article{Shivarama_2004,
	title = {Hamilton's {Equations} {With} {Euler} {Parameters} for {Rigid} {Body} {Dynamics} {Modeling}},
	volume = {126},
	doi = {10.1115/1.1649977},
	language = {English},
	number = {1},
	journal = {Journal of Dynamic Systems, Measurement, and Control},
	author = {Shivarama, Ravishankar and Fahrenthold, Eric P.},
	year = {2004},
	pages = {124--130}
}

@article{Shuster_1993,
	title = {Survey of attitude representations},
	volume = {41},
	journal = {Journal of the Astronautical Sciences},
	author = {Shuster, M D},
	month = oct,
	year = {1993},
	keywords = {Attitude Control, Covariance, Errors, Flight Mechanics, Kinematic Equations, Kinematics, Satellite Orientation, Satellite Rotation, Transformations (Mathematics)},
	pages = {439--517}
}

@article{Skeel_1997,
	title = {A family of symplectic integrators: stability, accuracy, and molecular dynamics applications},
	volume = {18},
	number = {1},
	journal = {Journal on Scientific Computing},
	author = {Skeel, R. D. and Zhang, G. and Schlick, T.},
	year = {1997},
	pages = {203--222}
}

@article{Suzuki_1992,
	title = {Decomposition formulas of exponential operators and {Lie} exponentials with some applications to quantum mechanics and statistical physics},
	volume = {32},
	number = {2},
	journal = {Journal of Mathematical Physics},
	author = {Suzuki, M},
	year = {1992},
	pages = {400}
}

@article{Suzuki_1992_2,
	title = {General theory of fractal path integrals with applications to many-body theories and statistical physics},
	volume = {32},
	number = {2},
	journal = {Journal of Mathematical Physics},
	author = {Suzuki, M},
	year = {1992},
	pages = {400}
}

@article{Suzuki_1976,
	doi = {10.1007/bf01609348},
	year = 1976,
	month = {jun},
	publisher = {Springer Nature},
	volume = {51},
	number = {2},
	pages = {183--190},
	author = {Masuo Suzuki},
	title = {Generalized Trotter{\textquotesingle}s formula and systematic approximants of exponential operators and inner derivations with applications to many-body problems},
	journal = {Communications in Mathematical Physics}
}

@article{Terada_2003,
	title = {A method for {Evaluating} {Multicanonical} {Potential} {Function} {Without} {Iterative} {Refinement}: {Application} to {Conformational} {Sampling} of a {GLobular} {Protein} in {Water}},
	volume = {118},
	journal = {The Journal of Chemical Physics},
	author = {Terada, T and Matsuo, Y and Kidera, A},
	year = {2003},
	pages = {4306}
}

@article{Thompson_2009,
	title = {General formulation of pressure and stress tensor for arbitrary many-body interaction potentials under periodic boundary conditions},
	volume = {131},
	doi = {http://dx.doi.org/10.1063/1.3245303},
	number = {15},
	journal = {The Journal of Chemical Physics},
	author = {Thompson, Aidan P. and Plimpton, Steven J. and Mattson, William},
	year = {2009},
	pages = {--}
}

@book{Thorn_2012,
	address = {Gainesville, FL},
	title = {Lecture notes on {Classical} {Mechanics}},
	publisher = {University of Florida, Department of Physics},
	author = {Thorn, Charles B.},
	year = {2012}
}

@article{Toxvaerd_2011,
	title = {Communication: {Shifted} forces in molecular dynamics},
	volume = {134},
	doi = {10.1063/1.3558787},
	number = {8},
	journal = {The Journal of Chemical Physics},
	author = {Toxvaerd, So{\textbackslash}fontencodingLECO{\textbackslash}selectfont{\textbackslash}char216ren and Dyre, Jeppe C.},
	year = {2011},
	pages = {081102}
}

@article{Tribello_2009,
	title = {A theoretical examination of known and hypothetical clathrate hydrate materials},
	volume = {131},
	journal = {The Journal of Chemical Physics},
	author = {Tribello, G A and Slater, B},
	year = {2009},
	pages = {024703}
}

@article{Trotter_1959,
	doi = {10.1090/s0002-9939-1959-0108732-6},
	year = 1959,
	month = {apr},
	publisher = {American Mathematical Society ({AMS})},
	volume = {10},
	number = {4},
	pages = {545--545},
	author = {H. F. Trotter},
	title = {On the product of semi-groups of operators},
	journal = {Proceedings of the American Mathematical Society}
}

@book{Tuckerman_2008,
	series = {Oxford {Graduate} {Texts}},
	title = {Statistical {Mechanics} and {Molecular} {Simulations}},
	isbn = {978-0-19-152346-5},
	publisher = {Oxford University Press, UK},
	author = {Tuckerman, M.},
	year = {2008}
}

@article{Tuckerman_1992,
	title = {Reversible multiple time scale molecular dynamics},
	volume = {97},
	number = {3},
	journal = {The Journal of Chemical Physics},
	author = {Tuckerman, Mark and Berne, Bruce J and Martyna, Glenn J},
	year = {1992},
	pages = {1990--2001}
}

@book{Tuckerman_2010,
    url={https://books.google.com.br/books?id=Lo3Jqc0pgrcC},
	title = {Statistical {Mechanics}: {Theory} and {Molecular} {Simulations}},
	publisher = {Oxford University Press, UK},
	author = {Tuckerman, Mark E.},
	year = {2010}
}

@article{Tuckerman_2006,
	title = {A {Liouville}-operator derived measure-preserving integrator for molecular dynamics simulations in the isothermal{\textendash}isobaric ensemble},
	volume = {39},
	doi = {10.1088/0305-4470/39/19/s18},
	number = {19},
	journal = {J. Phys. A: Math. Gen.},
	author = {Tuckerman, Mark E. and Alejandre, Jos{\'e} and L{\'o}pez-Rend{\'o}n, Roberto and Jochim, Andrea L. and Martyna, Glenn J.},
	month = apr,
	year = {2006},
	pages = {5629--5651}
}

@article{Tuckerman_2001,
	title = {Non-{Hamiltonian} molecular dynamics: {Generalizing} {Hamiltonian} phase space principles to non-{Hamiltonian} systems},
	volume = {115},
	doi = {http://dx.doi.org/10.1063/1.1378321},
	number = {4},
	journal = {The Journal of Chemical Physics},
	author = {Tuckerman, Mark E. and Liu, Yi and Ciccotti, Giovanni and Martyna, Glenn J.},
	year = {2001},
	pages = {1678--1702}
}

@article{Tuckerman_1999,
	title = {On the classical statistical mechanics of non-{Hamiltonian} systems},
	volume = {45},
	doi = {10.1209/epl/i1999-00139-0},
	number = {2},
	journal = {Europhysics Letters (EPL)},
	author = {Tuckerman, M. E. and Mundy, C. J. and Martyna, G. J.},
	month = jan,
	year = {1999},
	pages = {149--155}
}
@Article{vanZon2007,
  Title                    = {Numerical implementation of the exact dynamics of free rigid bodies},
  Author                   = {Ramses van Zon and Jeremy Schofield},
  Journal                  = {Journal of Computational Physics},
  Year                     = {2007},

  Month                    = {jul},
  Number                   = {1},
  Pages                    = {145--164},
  Volume                   = {225},

  Doi                      = {10.1016/j.jcp.2006.11.019},
  Publisher                = {Elsevier {BV}},
}

@article{Yan_2008,
	doi = {10.1103/physrevlett.101.157801},
	year = 2008,
	month = {oct},
	publisher = {American Physical Society ({APS})},
	volume = {101},
	number = {15},
	author = {Fangyong Yan and Christopher Adam Hixson and David J. Earl},
	title = {Self-Assembled Chiral Superstructures Composed of Rigid Achiral Molecules and Molecular Scale Chiral Induction by Dopants},
	journal = {Physical Review Letters}
}

@article{Yoshida_1990,
	title = {Construction of higher order symplectic integrators},
	volume = {150},
	number = {5,6,7},
	journal = {Physics Letters A},
	author = {Yoshida, H},
	year = {1990},
	pages = {262--268}
}

@article{van_zon_2008,
	doi = {10.1063/1.2889937},
	year = 2008,
	month = {apr},
	publisher = {{AIP} Publishing},
	volume = {128},
	number = {13},
	pages = {136102},
	author = {Ramses van Zon and Igor P. Omelyan and Jeremy Schofield},
	title = {Efficient algorithms for rigid body integration using optimized splitting methods and exact free rotational motion},
	journal = {The Journal of Chemical Physics}
}

@article{Jorgensen_1983,
	doi = {10.1063/1.445869},
	year = 1983,
	month = {jul},
	publisher = {{AIP} Publishing},
	volume = {79},
	number = {2},
	pages = {926--935},
	author = {William L. Jorgensen and Jayaraman Chandrasekhar and Jeffry D. Madura and Roger W. Impey and Michael L. Klein},
	title = {Comparison of simple potential functions for simulating liquid water},
	journal = {The Journal of Chemical Physics}
}

@article{Bucior_2012,
	title = {Porous {Carbon} {Nanotube} {Membranes} for {Separation} of {H}2/{CH}4and {CO}2/{CH}4Mixtures},
	volume = {116},
	doi = {10.1021/jp3098022},
	number = {49},
	journal = {The Journal of Physical Chemistry C},
	author = {Bucior, Benjamin J. and Chen, De-Li and Liu, Jinchen and Johnson, J. Karl},
	month = dec,
	year = {2012},
	pages = {25904--25910}
}

@article{Patra_2014,
	title = {Polymer directed aggregation and dispersion of anisotropic nanoparticles},
	volume = {10},
	doi = {10.1039/c3sm52216d},
	number = {11},
	journal = {Soft Matter},
	author = {Patra, Tarak K. and Singh, Jayant K.},
	year = {2014},
	pages = {1823}
}

@article{Fathizadeh_2012,
	title = {Definition of the persistence length in the coarse-grained models of {DNA} elasticity},
	volume = {86},
	doi = {10.1103/physreve.86.051907},
	number = {5},
	journal = {Physical Review E},
	author = {Fathizadeh, A. and Eslami-Mossallam, B. and Ejtehadi, M. R.},
	month = nov,
	year = {2012}
}

@article{Anderson_2008,
	title = {General purpose molecular dynamics simulations fully implemented on graphics processing units},
	volume = {227},
	doi = {10.1016/j.jcp.2008.01.047},
	number = {10},
	journal = {Journal of Computational Physics},
	author = {Anderson, Joshua A. and Lorenz, Chris D. and Travesset, A.},
	month = may,
	year = {2008},
	pages = {5342--5359}
}

@article{Fass_2018,
	doi = {10.1101/266619},
	year = 2018,
	month = {feb},
	publisher = {Cold Spring Harbor Laboratory},
	author = {Josh Fass and David Sivak and Gavin E. Crooks and Kyle A. Beauchamp and Benedict Leimkuhler and John Chodera},
	title = {Quantifying configuration-sampling error in Langevin simulations of complex molecular systems}
}

@article{Sivak_2013,
	title = {Using {Nonequilibrium} {Fluctuation} {Theorems} to {Understand} and {Correct} {Errors} in {Equilibrium} and {Nonequilibrium} {Simulations} of {Discrete} {Langevin} {Dynamics}},
	volume = {3},
	issn = {2160-3308},
	doi = {10.1103/PhysRevX.3.011007},
	language = {en},
	number = {1},
	urldate = {2018-02-19},
	journal = {Physical Review X},
	author = {Sivak, David A. and Chodera, John D. and Crooks, Gavin E.},
	month = jan,
	year = {2013}
}

@article{Davidchack_2010,
	title = {Discretization errors in molecular dynamics simulations with deterministic and stochastic thermostats},
	volume = {229},
	issn = {00219991},
	doi = {10.1016/j.jcp.2010.09.004},
	language = {en},
	number = {24},
	urldate = {2018-02-19},
	journal = {Journal of Computational Physics},
	author = {Davidchack, Ruslan L.},
	month = dec,
	year = {2010},
	pages = {9323--9346}
}

@article{Komatsu_2004,
	title = {Numerical irreversibility in time-reversible molecular dynamics simulation},
	volume = {195},
	issn = {01672789},
	doi = {10.1016/j.physd.2004.05.004},
	language = {en},
	number = {3-4},
	urldate = {2018-03-18},
	journal = {Physica D: Nonlinear Phenomena},
	author = {Komatsu, Nobuyoshi and Abe, Takashi},
	month = aug,
	year = {2004},
	pages = {391--397}
}

@article{Uline_2008,
	title = {On the generalized equipartition theorem in molecular dynamics ensembles and the microcanonical thermodynamics of small systems},
	volume = {128},
	issn = {0021-9606, 1089-7690},
	doi = {10.1063/1.2889939},
	language = {en},
	number = {12},
	urldate = {2018-03-18},
	journal = {The Journal of Chemical Physics},
	author = {Uline, Mark J. and Siderius, Daniel W. and Corti, David S.},
	month = mar,
	year = {2008},
	pages = {124301}
}

@article{Tolman_1918,
	doi = {10.1103/physrev.11.261},
	year = 1918,
	month = {apr},
	publisher = {American Physical Society ({APS})},
	volume = {11},
	number = {4},
	pages = {261--275},
	author = {Richard C. Tolman.},
	title = {A General Theory of Energy Partition with Applications to Quantum Theory},
	journal = {Physical Review}
}

@article{Leimkuhler_2009,
	title = {A {Gentle} {Stochastic} {Thermostat} for {Molecular} {Dynamics}},
	volume = {135},
	issn = {0022-4715, 1572-9613},
	doi = {10.1007/s10955-009-9734-0},
	language = {en},
	number = {2},
	urldate = {2018-06-06},
	journal = {Journal of Statistical Physics},
	author = {Leimkuhler, Ben and Noorizadeh, Emad and Theil, Florian},
	month = apr,
	year = {2009},
	pages = {261--277}
}

@article{Torrie_1977,
	title = {Nonphysical sampling distributions in {Monte} {Carlo} free-energy estimation: {Umbrella} sampling},
	volume = {23},
	doi = {10.1016/0021-9991(77)90121-8},
	number = {2},
	journal = {Journal of Computational Physics},
	author = {Torrie, G. M. and Valleau, J. P.},
	month = feb,
	year = {1977},
	pages = {187--199}
}

@inproceedings{Meketon_1984,
	author = {Meketon, Marc S. and Schmeiser, Bruce},
	title = {Overlapping Batch Means: Something for Nothing?},
	booktitle = {Proceedings of the 16th Conference on Winter Simulation},
	series = {WSC '84},
	year = {1984},
	location = {Dallas, TX},
	pages = {226--230},
	numpages = {5},
	url = {http://dl.acm.org/citation.cfm?id=800013.809465},
	acmid = {809465},
	publisher = {IEEE Press},
	address = {Piscataway, NJ, USA},
}

@article{Flegal_2010,
	title = {Batch means and spectral variance estimators in {Markov} chain {Monte} {Carlo}},
	volume = {38},
	doi = {10.1214/09-aos735},
	number = {2},
	journal = {The Annals of Statistics},
	author = {Flegal, James M. and Jones, Galin L.},
	month = apr,
	year = {2010},
	pages = {1034--1070}
}
@article{Yigzawe_2013,
	doi = {10.1063/1.4779295},
	url = {https://doi.org/10.1063%2F1.4779295},
	year = 2013,
	month = {jan},
	publisher = {{AIP} Publishing},
	volume = {138},
	number = {4},
	pages = {044503},
	author = {Tesfaye M. Yigzawe and Richard J. Sadus},
	title = {Thermodynamic properties of liquid water from a polarizable intermolecular potential},
	journal = {The Journal of Chemical Physics}
}
